<record><leader>00000cas a22000007a 4500</leader><controlfield tag="001">11329550</controlfield><controlfield tag="008">841031d18461848pauwr ne      0    0eng d</controlfield><datafield ind1=" " ind2=" " tag="010"><subfield code="a">sn 84038510 </subfield></datafield><datafield ind1=" " ind2=" " tag="040"><subfield code="a">NPX</subfield><subfield code="b">eng</subfield><subfield code="c">NPX</subfield><subfield code="d">NPH</subfield><subfield code="d">OCLCQ</subfield></datafield><datafield ind1=" " ind2=" " tag="042"><subfield code="a">msc</subfield></datafield><datafield ind1="0" ind2="0" tag="245"><subfield code="a">Lehigh reporter and Northampton, Bucks, Montgomery, Berks, Schuylkill and Carbon Counties advertiser.</subfield></datafield><datafield ind1="1" ind2="3" tag="246"><subfield code="a">Lehigh reporter</subfield></datafield><datafield ind1=" " ind2=" " tag="260"><subfield code="a">Allentown, Pa. :</subfield><subfield code="b">R. Guth, &amp; Co.,</subfield><subfield code="c">1846-</subfield></datafield><datafield ind1=" " ind2=" " tag="300"><subfield code="a">v. :</subfield><subfield code="b">ill. (chiefly advertisements) ;</subfield><subfield code="c">55 cm.</subfield></datafield><datafield ind1=" " ind2=" " tag="310"><subfield code="a">Weekly</subfield></datafield><datafield ind1="0" ind2=" " tag="362"><subfield code="a">Vol. 1, no. 1 (Sept. 19, 1846)-</subfield></datafield><datafield ind1="1" ind2=" " tag="362"><subfield code="a">Ceased in 1848?</subfield></datafield><datafield ind1=" " ind2=" " tag="500"><subfield code="a">Publisher: Edwin &amp; Elias Keiper, &lt;1847&gt;.</subfield></datafield><datafield ind1=" " ind2=" " tag="752"><subfield code="a">United States</subfield><subfield code="b">Pennsylvania</subfield><subfield code="c">Lehigh</subfield><subfield code="d">Allentown.</subfield></datafield></record>